<record><leader>00000cas a22000007a 4500</leader><controlfield tag="001">21263712</controlfield><controlfield tag="008">900326u1964uuuupr mr ne      0    0spa d</controlfield><datafield ind1=" " ind2=" " tag="010"><subfield code="a">sn 90070006 </subfield></datafield><datafield ind1=" " ind2=" " tag="040"><subfield code="a">PNN</subfield><subfield code="b">eng</subfield><subfield code="c">PNN</subfield><subfield code="d">OCLCQ</subfield></datafield><datafield ind1=" " ind2=" " tag="042"><subfield code="a">msc</subfield></datafield><datafield ind1="0" ind2="3" tag="245"><subfield code="a">El Caribe.</subfield></datafield><datafield ind1=" " ind2=" " tag="260"><subfield code="a">San Sebastia&#769;n, P.R. :</subfield><subfield code="b">Santamari&#769;a Arts Studios</subfield></datafield><datafield ind1=" " ind2=" " tag="300"><subfield code="a">v.</subfield></datafield><datafield ind1=" " ind2=" " tag="310"><subfield code="a">Monthly</subfield></datafield><datafield ind1="0" ind2=" " tag="362"><subfield code="a">An&#771;o 1, nu&#769;m. 1 (Jun. 1964)-</subfield></datafield><datafield ind1=" " ind2=" " tag="500"><subfield code="a">"Valor, firmeza, sacrificio."</subfield></datafield><datafield ind1=" " ind2=" " tag="752"><subfield code="a">United States</subfield><subfield code="b">Puerto Rico</subfield><subfield code="d">San Sebastia&#769;n.</subfield></datafield><datafield ind1="1" ind2=" " tag="029"><subfield code="a">AU@</subfield><subfield code="b">000025880487</subfield></datafield></record>